@article{Forti20,
author = {Forti, Vanessa and Baldé, Cornelis and Kuehr, Ruediger and Bel, Garam},
title = {The Global E-waste Monitor 2020. Quantities, flows, and the circular economy potential},
journal = {2020: United Nations University (UNU)/United Nations Institute for Training and Research (UNITAR) – co-hosted SCYCLE Programme, International Telecommunication Union (ITU) & International Solid Waste Association (ISWA)},
year = {2020}
}

@article{Shaha22,
author = {Shahabuddin, M. and Uddin, Md Nur and Chowdhury, Jahedul & Ahmed, Shams and Uddin, Md.Nasir and Rahman, Md. Mofijur and Uddin, M..},
title = {A review of the recent development, challenges, and opportunities of electronic waste (e-waste)},
journal = {International Journal of Environmental Science and Technology},
year = {2022}
}


@article{why22,
title = {Why is Recycling E-Waste so Difficult},
journal = {https://techreset.com/itad-guides/why-is-recycling-e-waste-so-difficult/}
}


@article{rama15,
  year = {2015},
  author = {Ramasami, Kalpana and Velumani, Bhuvaneswari and Perumal, Mousi},
  title = {A Semantic Integration of Waste Management Components - An Ontology Based Approach},
  journal = {National Conference on Recent Advances in Computer Science and Applications}
}

@article{ea22,
author = {E.A., Omondi and Ndiba, P.K. and K., Chepkoech},
year = {2022},
month = {10},
pages = {},
title = {Complexity of E-Waste and its Management Challenges in Developing Countries – A Review},
volume = {31},
journal = {International Journal of Environmental Sciences & Natural Resources}
}

@article{matt23,
author = {Mattson, Kim and Lauritsen, Lærke and Pettersen, Johan Berg},
year = {2023},
month = {12},
pages = {54-64},
title = {Electronic Waste Treatment Flows in Norway: Investigating recycling rates and embodied emissions},
journal = {Detritus}
}

@article{dara16,
author = {Daraio, Cinzia and Lenzerini, Maurizio and Leporelli, Claudio and Naggar, Paolo and Bonaccorsi, Andrea and Bartolucci, Alessandro},
year = {2016},
month = {03},
pages = {},
title = {The advantages of an Ontology-Based Data Management approach: openness, interoperability and data quality},
volume = {108},
journal = {Scientometrics}
}

@article{band19,
author = {Bandara, Madhushi and Rabhi, Fethi},
year = {2019},
month = {05},
pages = {1-23},
title = {Semantic modeling for engineering data analytics solutions},
volume = {11},
journal = {Semantic Web}
}

@article{ange22,
title = {Graph integration of structured, semistructured and unstructured data for data journalism},
journal = {Information Systems},
volume = {104},
pages = {101846},
year = {2022},
issn = {0306-4379},
author = {Angelos Christos Anadiotis and Oana Balalau and Catarina Conceição and Helena Galhardas and Mhd Yamen Haddad and Ioana Manolescu and Tayeb Merabti and Jingmao You}
}

@article{god23,
author = {Oise, Godfrey},
year = {2023},
title = {A Framework on E-Waste Management and Data Security System}
}


@article{ramz08,
author = {Ramzy Kahhat and Junbeum Kim and Ming Xu and Braden Allenby and Eric Williams and Peng Zhang},
title = {Exploring e-waste management systems in the United States},
year = {2008},
volume = {52},
number = {7},
journal = {Resources, Conservation and Recycling},
pages = {955-964}
}

@inproceedings{deu18,
 author = {Deudon, Michel},
 booktitle = {Advances in Neural Information Processing Systems},
 editor = {S. Bengio and H. Wallach and H. Larochelle and K. Grauman and N. Cesa-Bianchi and R. Garnett},
 pages = {},
 publisher = {Curran Associates, Inc.},
 title = {Learning semantic similarity in a continuous space},
 volume = {31},
 year = {2018}
}

@article{sat20,
author = {Sattar, Abdul and Ahmad, Mohammad and Salwana, Ely and Mahmood, Ahmad Kamil},
year = {2020},
month = {02},
pages = {},
title = {Issues in Designing Ontology for Waste Management: A Systematic Review}
}


@article{al20,
author = {Al-Aswadi, Fatima and Chan, Huah Yong and Gan, Keng Hoon},
year = {2020},
month = {08},
pages = {1-28},
title = {Automatic ontology construction from text: a review from shallow to deep learning trend},
volume = {53},
journal = {Artificial Intelligence Review}
}


@article{gon17,
author = {Gonçalves, Rafael and Tu, Samson and Nyulas, Csongor and Tierney, Michael and Musen, Mark},
year = {2017},
month = {08},
pages = {},
title = {An ontology-driven tool for structured data acquisition using Web forms},
volume = {8},
journal = {Journal of Biomedical Semantics}
}


@article{eln20,
author = {Elnagar, Samaa and Yoon, Victoria and Thomas, Manoj},
year = {2020},
month = {01},
pages = {},
title = {An Automatic Ontology Generation Framework with An Organizational Perspective},
journal = {Hawaii International Conference on System Sciences}
}


@article{yan08,
author = {Yang, Hui and Callan, Jamie},
year = {2008},
month = {01},
pages = {},
title = {Human-Guided Ontology Learning}
}


@article{zhao24,
author = {Zhao, Zhigang and Luo, Xiong and Chen, Maojian and Ma, Ling},
journal = {Computer Modeling in Engineering & Sciences},
title = {A Survey of Knowledge Graph Construction Using Machine Learning},
year = {2024},
}

@article{far24,
author = {Farghaly, Maha and Mounir, Mahmoud and Aref, Mostafa and Moussa, Sherin},
year = {2024},
month = {01},
pages = {1-1},
title = {Investigating the Challenges and Prospects of Construction Models for Dynamic Knowledge Graphs},
volume = {PP},
journal = {IEEE Access}
}

@article{lin22,
author = {Linjuan, Fan and Yongyong, Sun and Fei, Xu and Hnghang, Zhou},
year = {2022},
month = {06},
pages = {},
title = {Knowledge Graph Embedding Based on Semantic Hierarchy},
volume = {2},
journal = {Cognitive Robotics}
}

@article{myk22,
author = {Myklebust, Erik and Jiménez-Ruiz, Ernesto and Chen, Jiaoyan and Wolf, Raoul and Tollefsen, Knut Erik},
year = {2022},
month = {03},
pages = {1-40},
title = {Prediction of adverse biological effects of chemicals using knowledge graph embeddings},
volume = {13},
journal = {Semantic Web}
}

@article{mum22,
author = {Mumtaz, Summaya and Giese, Martin},
year = {2022},
month = {06},
pages = {},
title = {Hierarchy-based semantic embeddings for single-valued & multi-valued categorical variables},
volume = {58},
journal = {Journal of Intelligent Information Systems}
}

@ARTICLE{Shva13,
  author={Shvaiko, Pavel and Euzenat, Jérôme},
  journal={IEEE Transactions on Knowledge and Data Engineering}, 
  title={Ontology Matching: State of the Art and Future Challenges}, 
  year={2013},
  volume={25},
  number={1},
  pages={158-176}
}

@article{penn14,
author = {Pennington, Jeffrey and Socher, Richard and Manning, Christopher},
year = {2014},
month = {01},
pages = {1532-1543},
title = {Glove: Global Vectors for Word Representation},
volume = {14},
journal = {EMNLP},
doi = {10.3115/v1/D14-1162}
}

@article{nezh11,
author = {Nezhadi, Azadeh and Shadgar, Bita and Osareh, Alireza},
year = {2011},
month = {05},
pages = {},
title = {Ontology Alignment Using Machine Learning Techniques},
volume = {3},
journal = {International Journal of Computer Science & Information Technology (IJCSIT)}
}

@article{miko13,
author = {Mikolov, Tomas and Sutskever, Ilya and Chen, Kai and Corrado, G.s and Dean, Jeffrey},
year = {2013},
month = {10},
pages = {},
title = {Distributed Representations of Words and Phrases and their Compositionality},
volume = {26},
journal = {Advances in Neural Information Processing Systems}
}

@article{boja16,
author = {Bojanowski, Piotr and Grave, Edouard and Joulin, Armand and Mikolov, Tomas},
year = {2016},
month = {07},
pages = {},
title = {Enriching Word Vectors with Subword Information},
volume = {5},
journal = {Transactions of the Association for Computational Linguistics}
}

@article{scar09,
author = {Scarselli, Franco and Gori, Marco and Tsoi, Ah and Hagenbuchner, Markus and Monfardini, Gabriele},
year = {2009},
month = {01},
pages = {61-80},
title = {The Graph Neural Network Model},
volume = {20},
journal = {IEEE transactions on neural networks / a publication of the IEEE Neural Networks Council}
}

@article{lipt15,
author = {Lipton, Zachary},
year = {2015},
month = {05},
pages = {},
title = {A Critical Review of Recurrent Neural Networks for Sequence Learning}
}

@inproceedings{hans23,
  title={Knowledge Graph-Based Approach For Dynamic Ontology Generation},
  author={Hansika Gunasekara and Thushari P. Silva},
  year={2023}
}

@INPROCEEDINGS{10002666,
  author={Gunasekara, Hansika and Silva, Thushari},
  booktitle={2022 6th SLAAI International Conference on Artificial Intelligence (SLAAI-ICAI)}, 
  title={Dynamic Ontology Generation using Relational Schema}, 
  year={2022},
  volume={},
  number={},
  pages={1-6} 
}

@conference{keod10,
author={Jaimie Murdock and Cameron Buckner and Colin Allen},
title={TWO METHODS FOR EVALUATING DYNAMIC ONTOLOGIES},
booktitle={Proceedings of the International Conference on Knowledge Engineering and Ontology Development - Volume 1: KEOD, (IC3K 2010)},
year={2010},
pages={110-122},
publisher={SciTePress},
organization={INSTICC}
}